<record><leader>00000cas a2200000 a 4500</leader><controlfield tag="001">12206386</controlfield><controlfield tag="008">850627d18591864iauwr ne      0    0eng c</controlfield><datafield ind1=" " ind2=" " tag="010"><subfield code="a">sn 85049640 </subfield></datafield><datafield ind1=" " ind2=" " tag="040"><subfield code="a">INP</subfield><subfield code="b">eng</subfield><subfield code="c">INP</subfield><subfield code="d">MGN</subfield><subfield code="d">CVF</subfield><subfield code="d">OCLCQ</subfield><subfield code="d">OCLCF</subfield><subfield code="d">OCLCO</subfield></datafield><datafield ind1=" " ind2=" " tag="042"><subfield code="a">pcc</subfield></datafield><datafield ind1=" " ind2=" " tag="043"><subfield code="a">n-us-ia</subfield></datafield><datafield ind1="0" ind2=" " tag="130"><subfield code="a">Page County herald (Clarinda, Iowa : 1859)</subfield></datafield><datafield ind1="1" ind2="4" tag="245"><subfield code="a">The Page County herald.</subfield></datafield><datafield ind1=" " ind2=" " tag="260"><subfield code="a">Clarinda, Page County, Iowa :</subfield><subfield code="b">C.B. Shoemaker &amp; Co.,</subfield><subfield code="c">1859-</subfield></datafield><datafield ind1=" " ind2=" " tag="300"><subfield code="a">v.</subfield></datafield><datafield ind1=" " ind2=" " tag="310"><subfield code="a">Weekly</subfield></datafield><datafield ind1="0" ind2=" " tag="362"><subfield code="a">Vol. 1, no. 1 (May 27, 1859)-</subfield></datafield><datafield ind1=" " ind2=" " tag="500"><subfield code="a">"Be just and fear not: Let all the ends thou aim'st at, be thy country's, thy God's and truth's."</subfield></datafield><datafield ind1=" " ind2="0" tag="651"><subfield code="a">Clarinda (Iowa)</subfield><subfield code="v">Newspapers.</subfield></datafield><datafield ind1=" " ind2="7" tag="655"><subfield code="a">Newspapers.</subfield><subfield code="2">fast</subfield><subfield code="0">(OCoLC)fst01423814</subfield></datafield><datafield ind1=" " ind2="7" tag="651"><subfield code="a">Iowa</subfield><subfield code="z">Clarinda.</subfield><subfield code="2">fast</subfield><subfield code="0">(OCoLC)fst01218580</subfield></datafield><datafield ind1=" " ind2=" " tag="752"><subfield code="a">United States</subfield><subfield code="b">Iowa</subfield><subfield code="c">Page</subfield><subfield code="d">Clarinda.</subfield></datafield><datafield ind1="0" ind2="0" tag="780"><subfield code="t">Fremont herald (Sidney, Iowa)</subfield><subfield code="w">(DLC)sn 87057508</subfield></datafield><datafield ind1="0" ind2="0" tag="785"><subfield code="t">South-western Iowa observer</subfield><subfield code="w">(DLC)sn 83025169</subfield></datafield></record>